=LDR  00653 as a22002415i 4500
=001  019020515
=003  Uk
=005  20180815113302.0
=006  m\\\\\|\\d\|\\\\\\
=007  cr\|||||||||||
=008  180815c\\\\9999\\\\\\p\o\\\\\0\\\a0eng\\
=FMT  \\$a  SE
=022  \\$a2282-1767
=245  00$aProtective coatings
=264  \1$bEos mktg&communication
=336  \\$atext$2rdacontent
=337  \\$acomputer$2rdamedia
=338  \\$aonline resource$2rdacarrier
=859  \\$aELD$bejournal
=852  41$aBritish Library$bHMNTS
=CAT  \\$a15005$b40$c20180815$lBLL01$h1126
=CAT  \\$a15005$b40$c20180815$lBLL01$h1133
=LAS  \\$a15005$b40$c20180815$lBLL01$h1133

