=LDR  00744 as a22002415i 4500
=001  019226280
=003  Uk
=005  20190129112633.0
=006  m\\\\\|\\d\|\\\\\\
=007  cr\|||||||||||
=008  190129c\\\\9999\\\\\\p\o\\\\\0\\\a0eng\\
=FMT  \\$a  SE
=037  \\$aNewsletter Ashurst Wood Village Council$bAshurst Wood Village Council
=245  00$aNewsletter Ashurst Wood Village Council.
=336  \\$atext$2rdacontent
=337  \\$acomputer$2rdamedia
=338  \\$aonline resource$2rdacarrier
=859  \\$aELD$bejournal
=852  41$aBritish Library$bHMNTS
=CAT  \\$a15190$b40$c20190129$lBLL01$h1111
=CAT  \\$a15190$b40$c20190129$lBLL01$h1112
=CAT  \\$a10902$b40$c20190129$lBLL01$h1126
=LAS  \\$a10902$b40$c20190129$lBLL01$h1126

