=LDR  00670 as a22002415i 4500
=001  017853202
=003  Uk
=005  20160520134254.0
=006  m\\\\\|\\d\|\\\\\\
=007  cr\|||||||||||
=008  160520c\\\\9999\\\\\\p\o\\\\\0\\\a0eng\\
=FMT  \\$a  SE
=245  00$aExova : Weekly list update
=264  \1$bExova
=336  \\$atext$2rdacontent
=337  \\$acomputer$2rdamedia
=338  \\$aonline resource$2rdacarrier
=859  \\$aELD$bejournal
=852  41$aBritish Library$bHMNTS
=CAT  \\$a8311$b40$c20160520$lBLL01$h1341
=CAT  \\$a8311$b40$c20160520$lBLL01$h1342
=CAT  \\$aW1711-1005$c20171206$lBLL01$h1829
=LAS  \\$aW1711-1005$b00$c20171206$lBLL01$h1829

