=LDR  00739 as a22002415i 4500
=001  017945822
=003  Uk
=005  20160728161437.0
=006  m\\\\\|\\d\|\\\\\\
=007  cr\|||||||||||
=008  160728c\\\\9999\\\\\\p\o\\\\\0\\\a0eng\\
=FMT  \\$a  SE
=245  00$aGrant Fund Report aand Financial statementsMedical Women's federation
=336  \\$atext$2rdacontent
=337  \\$acomputer$2rdamedia
=338  \\$aonline resource$2rdacarrier
=859  \\$aELD$bejournal
=852  41$aBritish Library$bHMNTS
=CAT  \\$a8311$b40$c20160728$lBLL01$h1601
=CAT  \\$a8311$b40$c20160728$lBLL01$h1613
=CAT  \\$a8311$b40$c20160728$lBLL01$h1614
=CAT  \\$aW1711-1005$c20171206$lBLL01$h1829
=LAS  \\$aW1711-1005$b00$c20171206$lBLL01$h1829

