=LDR  00738 as a22002417i 4500
=001  018232351
=003  Uk
=005  20170217160319.0
=006  m\\\\\|\\d\|\\\\\\
=007  cr\|||||||||||
=008  170217c\\\\9999\\\\\\p\o\\\\\0\\\a0eng\\
=FMT  \\$a  SE
=245  00$aGenerations of the Shoah International Newsletter.
=264  \1$bGenerations of the Shoah International.
=336  \\$atext$2rdacontent
=337  \\$acomputer$2rdamedia
=338  \\$aonline resource$2rdacarrier
=859  \\$aELD$bejournal
=852  41$aBritish Library$bHMNTS
=985  \\$aELD accessioning record awaiting upgrade
=CAT  \\$a10902$b40$c20170217$lBLL01$h1603
=CAT  \\$aW1711-1005$c20171206$lBLL01$h1830
=LAS  \\$aW1711-1005$b00$c20171206$lBLL01$h1830

