=LDR  00916 as a22002653i 4500
=001  016549261
=003  Uk
=005  20201127183349.0
=008  131121c\\\\9999\\\|\|p\\\\\\\\\\\a0eng\\
=FMT  \\$a  SE
=245  \0$aNorth East Fisheries Bulletin.
=264  \1$bEnvironment Agency.
=336  \\$atext$2rdacontent
=337  \\$acomputer$2rdamedia
=338  \\$aonline resource$2rdacarrier
=859  \\$aELD$bejournal
=883  0\$aLanguage codes assigned by Bayesian analysis of words present in record$d20201028$qUk$c0.9010
=852  41$aBritish Library$bHMNTS
=985  \\$aELD accessioning record awaiting upgrade
=985  \\$aUpgraded by BSS-generated file for WR2011-1472
=CAT  \\$a10902$b40$c20131121$lBLL01$h1133
=CAT  \\$a10902$b40$c20131121$lBLL01$h1141
=CAT  \\$aW1711-1005$c20171206$lBLL01$h1826
=CAT  \\$aW2011-1472$b00$c20201127$lBLL01$h1833
=LAS  \\$aW2011-1472$b00$c20201127$lBLL01$h1833

