=LDR  00795 as a22002897i 4500
=001  016551033
=003  Uk
=005  20150703144755.0
=006  m\\\\\|\\d\|\\\\\\
=007  cr\|||||||||||
=008  131125c200u9999enkuu\p\o\\\\\0\\\a0eng\\
=FMT  \\$a  SE
=040  \\$aUk$beng$cUk$erda
=245  00$aIn touch.
=246  3\$aIntouch
=264  \1$aLondon :$bTOPRA
=336  \\$atext$2rdacontent
=337  \\$acomputer$2rdamedia
=338  \\$aonline resource$2rdacarrier
=710  2\$aTOPRA (Organization)
=859  \\$aELD$bejournal
=852  41$aBritish Library$bHMNTS
=985  \\$aBasic record for L7
=CAT  \\$a10902$b40$c20131125$lBLL01$h1055
=CAT  \\$a11316$b40$c20150703$lBLL01$h1447
=CAT  \\$aW1711-1005$c20171206$lBLL01$h1826
=LAS  \\$aW1711-1005$b00$c20171206$lBLL01$h1826

