=LDR  00710 as a22002417i 4500
=001  016551071
=003  Uk
=005  20131125112939.0
=006  m\\\\\|\\d\|\\\\\\
=007  cr\|||||||||||
=008  131125c\\\\9999\\\\\\p\o\\\\\0\\\a0eng\\
=FMT  \\$a  SE
=245  00$aFrance unquote :$bdeals and exits.
=264  \1$bIncisive Media Investments.
=336  \\$atext$2rdacontent
=337  \\$acomputer$2rdamedia
=338  \\$aonline resource$2rdacarrier
=859  \\$aELD$bejournal
=852  41$aBritish Library$bHMNTS
=985  \\$aELD accessioning record awaiting upgrade
=CAT  \\$a10902$b40$c20131125$lBLL01$h1129
=CAT  \\$aW1711-1005$c20171206$lBLL01$h1826
=LAS  \\$aW1711-1005$b00$c20171206$lBLL01$h1826

