=LDR  00795 as a22002537i 4500
=001  016590724
=003  Uk
=005  20131230145359.0
=006  m\\\\\|\\d\|\\\\\\
=007  cr\|||||||||||
=008  131230c\\\\9999\\\\\\p\o\\\\\0\\\a0eng\\
=FMT  \\$a  SE
=245  00$aDerbyshire & Nottinghamshire Entomoligical Society newsletter.
=246  \\$aDaNES Newsletter
=264  \1$bDerbyshire & Nottinghamshire Entomoligical Society.
=336  \\$atext$2rdacontent
=337  \\$acomputer$2rdamedia
=338  \\$aonline resource$2rdacarrier
=859  \\$aELD$bejournal
=852  41$aBritish Library$bHMNTS
=985  \\$aELD accessioning record awaiting upgrade
=CAT  \\$a10902$b40$c20131230$lBLL01$h1453
=CAT  \\$aW1711-1005$c20171206$lBLL01$h1826
=LAS  \\$aW1711-1005$b00$c20171206$lBLL01$h1826

