=LDR  00741 as a22002537i 4500
=001  016637519
=003  Uk
=005  20140227144254.0
=006  m\\\\\|\\d\|\\\\\\
=007  cr\|||||||||||
=008  140227c\\\\9999\\\\\\p\o\\\\\0\\\a0eng\\
=FMT  \\$a  SE
=245  00$aCommonwealth Nurses Federation eNews
=246  \\$aCNF eNews
=264  \1$bCommonwealth Nurses Federation
=336  \\$atext$2rdacontent
=337  \\$acomputer$2rdamedia
=338  \\$aonline resource$2rdacarrier
=859  \\$aELD$bejournal
=852  41$aBritish Library$bHMNTS
=985  \\$aELD accessioning record awaiting upgrade
=CAT  \\$a10902$b40$c20140227$lBLL01$h1442
=CAT  \\$aW1711-1005$c20171206$lBLL01$h1827
=LAS  \\$aW1711-1005$b00$c20171206$lBLL01$h1827

